@article{adamicadar2003,
  author  = {Lada A. Adamic and Eytan Adar},
  title   = {Friends and neighbors on the Web},
  journal = {Soc. Networks},
  volume  = {25},
  number  = {3},
  pages   = {211--230},
  year    = {2003}
}

@incollection{aggarwal2012,
  author    = {Charu C. Aggarwal and ChengXiang Zhai},
  title     = {A Survey of Text Classification Algorithms},
  booktitle = {Mining Text Data},
  pages     = {163--222},
  publisher = {Springer},
  year      = {2012},
  doi       = {10.1007/978-1-4614-3223-4_6}
}

@inproceedings{angeli2015,
  title     = {Leveraging linguistic structure for open domain information extraction},
  author    = {Angeli, Gabor and Premkumar, Melvin Jose Johnson and Manning, Christopher D},
  year      = 2015,
  booktitle = {Proceedings of the 53rd Annual Meeting of the ACL and the 7th IJCNLP},
  volume    = 1,
  pages     = {344--354}
}

@article{ayala2018,
  title     = {TAPON: A two-phase machine learning approach for semantic labelling},
  author    = {Ayala, Daniel and Hern{\'a}ndez, Inma and Ruiz, David and Toro, Miguel},
  journal   = {Knowledge-Based Systems},
  volume    = {163},
  pages     = {931--943},
  year      = {2019},
  publisher = {Elsevier},
  doi       = {10.1016/j.knosys.2018.10.017}
}

@inproceedings{ayala2019,
  title     = {{AYNEC}: All You Need for Evaluating Completion Techniques in Knowledge Graphs},
  author    = {Daniel Ayala and Agust{\'i}n Borrego and Inma Hern{\'a}ndez and Carlos R. Rivero and David Ruiz},
  booktitle = {{ESWC}},
  pages     = {397--411},
  year      = {2019},
  doi       = {10.1007/978-3-030-21348-0_26}
}

@article{ayala2020,
  author    = {Daniel Ayala and
               Agust{\'{\i}}n Borrego and
               Inma Hern{\'{a}}ndez and
               David Ruiz},
  title     = {A neural network for semantic labelling of structured information},
  journal   = {Expert Syst. Appl.},
  volume    = {143},
  year      = {2020},
  url       = {https://doi.org/10.1016/j.eswa.2019.113053},
  doi       = {10.1016/j.eswa.2019.113053},
}

@inproceedings{bansal2019a2n,
  author    = {Trapit Bansal and
               Da{-}Cheng Juan and
               Sujith Ravi and
               Andrew McCallum},
  title     = {{A2N:} Attending to Neighbors for Knowledge Graph Inference},
  booktitle = {Proceedings of the 57th Conference of the Association for Computational Linguistics, {ACL} 2019},
  pages     = {4387--4392},
  publisher = {Association for Computational Linguistics},
  year      = {2019},
  url       = {https://doi.org/10.18653/v1/p19-1431},
  doi       = {10.18653/v1/p19-1431}
}

@inproceedings{bansal2020negatives,
  author    = {Iti Bansal and
               Sudhanshu Tiwari and
               Carlos R. Rivero},
  title     = {The Impact of Negative Triple Generation Strategies and Anomalies on Knowledge Graph Completion},
  booktitle = {Proceedings of the 29th {ACM} International Conference on Information and Knowledge Management, {CIKM} 2020},
  pages     = {45--54},
  publisher = {{ACM}},
  year      = {2020},
  url       = {https://doi.org/10.1145/3340531.3412023},
  doi       = {10.1145/3340531.3412023}
}

@article{bodenreider2004,
  author    = {Olivier Bodenreider},
  title     = {The Unified Medical Language System {(UMLS):} integrating biomedical terminology},
  journal   = {Nucleic Acids Res.},
  volume    = {32},
  number    = {Database-Issue},
  pages     = {267--270},
  year      = {2004},
  url       = {https://doi.org/10.1093/nar/gkh061},
  doi       = {10.1093/nar/gkh061},
}

@inproceedings{bollacker2008,
  author    = {Bollacker, Kurt and Evans, Colin and Paritosh, Praveen and Sturge, Tim and Taylor, Jamie},
  title     = {Freebase: A Collaboratively Created Graph Database for Structuring Human Knowledge},
  booktitle = {{SIGMOD}},
  year      = {2008},
  pages     = {1247--1250},
  doi       = {10.1145/1376616.1376746},
  publisher = {{ACM}}
}

@inproceedings{bordes2013,
  title     = {Translating embeddings for modeling multi-relational data},
  author    = {Bordes, Antoine and Usunier, Nicolas and Garc{\'i}a-Dur{\'a}n, Alberto and Weston, Jason and Yakhnenko, Oksana},
  booktitle = {{NIPS}},
  pages     = {2787--2795},
  year      = {2013}
}

@article{bordes2014,
  author  = {Antoine Bordes and Xavier Glorot and Jason Weston and Yoshua Bengio},
  title   = {A semantic matching energy function for learning with multi-relational data - Application to word-sense disambiguation},
  journal = {Machine Learning},
  volume  = {94},
  number  = {2},
  pages   = {233--259},
  year    = {2014},
  doi     = {10.1007/s10994-013-5363-6}
}

@inproceedings{bordes2014b,
  author    = {Antoine Bordes and Evgeniy Gabrilovich},
  title     = {Constructing and Mining Web-scale Knowledge Graphs},
  booktitle = {{SIGKDD}},
  pages     = {1967--1967},
  year      = {2014},
  publisher = {{ACM}},
  doi       = {10.1145/2623330.2630803}
}

@inproceedings{bordes2014c,
  author    = {Antoine Bordes and Sumit Chopra and Jason Weston},
  title     = {Question Answering with Subgraph Embeddings},
  booktitle = {{EMNLP}},
  pages     = {615--620},
  publisher = {{ACL}},
  year      = {2014}
}

@inproceedings{borrego2019,
  title     = {Generating Rules to Filter Candidate Triples for their Correctness Checking by Knowledge Graph Completion Techniques},
  author    = {Agust{\'i}n Borrego and Daniel Ayala and Inma Hern{\'a}ndez and Carlos R. Rivero and David Ruiz},
  booktitle = {Proceedings of the 10th International Conference on Knowledge Capture, {K-CAP} 2019},
  pages     = {115--122},
  year      = {2019},
  doi       = {10.1145/3360901.3364418}
}

@article{borrego2021,
  author  = {Borrego, Agust{\'i}n and Ayala, Daniel and Hern{\'a}ndez, Inma and Rivero, Carlos R. and Ruiz, David},
  title   = {{CAFE}: Knowledge graph completion using neighborhood-aware features},
  journal = {Engineering Applications of Artificial Intelligence},
  volume  = {103},
  pages   = {104302},
  year    = {2021},
  issn    = {0952-1976},
  doi     = {10.1016/j.engappai.2021.104302},
  url     = {https://www.sciencedirect.com/science/article/pii/S0952197621001500}
}

@article{borrego2022,
  author    = {Agust{\'\i}n Borrego and
               Danilo Dess{\`\i} and
               Inma Hern{\'a}ndez and
               Francesco Osborne and
               Reforgiato Recupero, Diego and
               David Ruiz and
               Davide Buscaldi and
               Enrico Motta},
  title     = {Completing Scientific Facts in Knowledge Graphs of Research Concepts},
  journal   = {{IEEE} Access},
  volume    = {10},
  pages     = {125867--125880},
  year      = {2022},
  url       = {https://doi.org/10.1109/ACCESS.2022.3220241},
  doi       = {10.1109/ACCESS.2022.3220241},
}

@inproceedings{bruna2014,
  author    = {Joan Bruna and
               Wojciech Zaremba and
               Arthur Szlam and
               Yann LeCun},
  title     = {Spectral Networks and Locally Connected Networks on Graphs},
  booktitle = {Proceedings of the 2nd International Conference on Learning Representations, {ICLR} 2014},
  year      = {2014},
  url       = {http://arxiv.org/abs/1312.6203},
}

@article{delong1988,
  title     = {Comparing the areas under two or more correlated receiver operating characteristic curves: a nonparametric approach},
  author    = {DeLong, Elizabeth R and DeLong, David M and Clarke-Pearson, Daniel L},
  journal   = {Biometrics},
  pages     = {837--845},
  year      = {1988},
  publisher = {JSTOR}
}

@inproceedings{dessi2020aikg,
  author    = {Danilo Dess{\`i} and
               Francesco Osborne and
               Diego Reforgiato Recupero and
               Davide Buscaldi and
               Enrico Motta and
               Harald Sack},
  title     = {{AI-KG:} An Automatically Generated Knowledge Graph of Artificial Intelligence},
  booktitle = {Proceedings of the 19th International Semantic Web Conference, {ISWC} 2020},
  volume    = {12507},
  pages     = {127--143},
  publisher = {Springer},
  year      = {2020},
  url       = {https://doi.org/10.1007/978-3-030-62466-8\_9},
  doi       = {10.1007/978-3-030-62466-8_9},
}

@article{dessi2021assessment,
  title     = {An assessment of deep learning models and word embeddings for toxicity detection within online textual comments},
  author    = {Dess{\`\i}, Danilo and Recupero, Diego Reforgiato and Sack, Harald},
  journal   = {Electronics},
  volume    = {10},
  number    = {7},
  pages     = {779},
  year      = {2021},
  publisher = {Multidisciplinary Digital Publishing Institute}
}

@article{dessi2021generating,
  title     = {Generating knowledge graphs by employing Natural Language Processing and Machine Learning techniques within the scholarly domain},
  author    = {Dess{\`\i}, Danilo and Osborne, Francesco and Recupero, Diego Reforgiato and Buscaldi, Davide and Motta, Enrico},
  year      = 2021,
  journal   = {Future Generation Computer Systems},
  publisher = {Elsevier},
  volume    = 116,
  pages     = {253--264},
  doi       = {10.1016/j.future.2020.10.026}
}

@inproceedings{dessi2022cskg,
  author    = {Danilo Dess{\`{\i}} and
               Francesco Osborne and
               Reforgiato Recupero, Diego and
               Davide Buscaldi and
               Enrico Motta},
  title     = {{CS-KG:} {A} Large-Scale Knowledge Graph of Research Entities and Claims in Computer Science},
  booktitle = {{ISWC} 2022},
  volume    = {13489},
  pages     = {678--696},
  publisher = {Springer},
  year      = {2022},
  url       = {https://doi.org/10.1007/978-3-031-19433-7\_39},
  doi       = {10.1007/978-3-031-19433-7_39}
}

@inproceedings{dettmers2018,
  title     = {Convolutional {2D} knowledge graph embeddings},
  author    = {Dettmers, Tim and Minervini, Pasquale and Stenetorp, Pontus and Riedel, Sebastian},
  year      = 2018,
  booktitle = {AAAI}
}

@inproceedings{do2018,
  author    = {Kien Do and
               Truyen Tran and
               Svetha Venkatesh},
  title     = {Knowledge Graph Embedding with Multiple Relation Projections},
  booktitle = {Proceedings of the 24th International Conference on Pattern Recognition, {ICPR} 2018},
  pages     = {332--337},
  publisher = {{IEEE} Computer Society},
  year      = {2018},
  url       = {https://doi.org/10.1109/ICPR.2018.8545027},
  doi       = {10.1109/ICPR.2018.8545027},
}

@inproceedings{dong2014,
  author    = {Dong, Xin and Gabrilovich, Evgeniy and Heitz, Geremy and Horn, Wilko and Lao, Ni and Murphy, Kevin and Strohmann, Thomas and Sun, Shaohua and Zhang, Wei},
  title     = {Knowledge Vault: A Web-scale Approach to Probabilistic Knowledge Fusion},
  booktitle = {{SIGKDD}},
  year      = {2014},
  pages     = {601--610},
  publisher = {{ACM}},
  doi       = {10.1145/2623330.2623623}
} 

@inproceedings{fan2014,
  author    = {Miao Fan and
               Qiang Zhou and
               Emily Chang and
               Thomas Fang Zheng},
  title     = {Transition-based Knowledge Graph Embedding with Relational Mapping Properties},
  booktitle = {Proceedings of the 28th Pacific Asia Conference on Language, Information and Computation, {PACLIC} 2014},
  pages     = {328--337},
  year      = {2014},
  url       = {https://aclanthology.org/Y14-1039/},
}

@inproceedings{ferre2019,
  author    = {S{\'{e}}bastien Ferr{\'{e}}},
  title     = {Link Prediction in Knowledge Graphs with Concepts of Nearest Neighbours},
  booktitle = {The Semantic Web - 16th International Conference, {ESWC} 2019},
  volume    = {11503},
  pages     = {84--100},
  publisher = {Springer},
  year      = {2019},
  url       = {https://doi.org/10.1007/978-3-030-21348-0\_6},
  doi       = {10.1007/978-3-030-21348-0_6}
}

@article{galarraga2015,
  author  = {Luis Gal{\'{a}}rraga and Christina Teflioudi and Katja Hose and Fabian M. Suchanek},
  title   = {Fast rule mining in ontological knowledge bases with {AMIE+}},
  journal = {{VLDB} J.},
  volume  = {24},
  number  = {6},
  pages   = {707--730},
  year    = {2015},
  doi     = {10.1007/s00778-015-0394-1}
}

@article{garcia-duran2015,
  author     = {Alberto Garc{\'{\i}}a{-}Dur{\'{a}}n and
                Antoine Bordes and
                Nicolas Usunier and
                Yves Grandvalet},
  title      = {Combining Two And Three-Way Embeddings Models for Link Prediction in Knowledge Bases},
  journal    = {CoRR},
  volume     = {abs/1506.00999},
  year       = {2015},
  url        = {http://arxiv.org/abs/1506.00999},
  eprinttype = {arXiv},
  eprint     = {1506.00999},
}

@inproceedings{gardner2015,
  title     = {Efficient and expressive knowledge base completion using subgraph feature extraction},
  author    = {Gardner, Matt and Mitchell, Tom},
  booktitle = {{EMNLP}},
  pages     = {1488--1498},
  year      = {2015},
  publisher = {The Association for Computational Linguistics},
  url       = {https://aclweb.org/anthology/D/D15/D15-1173.pdf}
}

@inproceedings{glass2018,
  title     = {A Dataset for Web-Scale Knowledge Base Population},
  author    = {Glass, Michael and Gliozzo, Alfio},
  booktitle = {{ESWC}},
  pages     = {256--271},
  year      = {2018},
  publisher = {Springer},
  doi       = {10.1007/978-3-319-93417-4_17}
}

@inproceedings{guan2018,
  author    = {Saiping Guan and
               Xiaolong Jin and
               Yuanzhuo Wang and
               Xueqi Cheng},
  title     = {Shared Embedding Based Neural Networks for Knowledge Graph Completion},
  booktitle = {Proceedings of the 27th {ACM} International Conference on Information and Knowledge Management, {CIKM} 2018},
  pages     = {247--256},
  publisher = {{ACM}},
  year      = {2018},
  url       = {https://doi.org/10.1145/3269206.3271704},
  doi       = {10.1145/3269206.3271704},
}

@techreport{hagberg2008networkx,
  title       = {Exploring network structure, dynamics, and function using NetworkX},
  author      = {Hagberg, Aric and Swart, Pieter and S Chult, Daniel},
  year        = {2008},
  institution = {Los Alamos National Lab.(LANL), Los Alamos, NM (United States)}
}

@inproceedings{han2018,
  title     = {OpenKE: An Open Toolkit for Knowledge Embedding},
  author    = {Han, Xu and Cao, Shulin and Lv, Xin and Lin, Yankai and Liu, Zhiyuan and Sun, Maosong and Li, Juanzi},
  booktitle = {{EMNLP}},
  pages     = {139--144},
  year      = {2018}
}

@inproceedings{heist2021,
  title     = {Flexible and Extensible Competency Management with Knowledge Graphs},
  author    = {Nicolas Heist and Peter Haase},
  year      = 2021,
  booktitle = {{ISWC} (Posters/Demos/Industry)},
  publisher = {CEUR-WS.org},
  volume    = 2980,
  url       = {http://ceur-ws.org/Vol-2980/paper412.pdf}
}

@article{hogan2020,
  author  = {Aidan Hogan and
             Eva Blomqvist and
             Michael Cochez and others},
  title   = {Knowledge Graphs},
  journal = {CoRR},
  volume  = {abs/2003.02320},
  year    = {2020}
}

@inproceedings{hoppe2021,
  title     = {Understanding Class Representations: An Intrinsic Evaluation of Zero-Shot Text Classification},
  author    = {Hoppe, Fabian and Dess{\`i}, Danilo and Sack, Harald},
  booktitle = {Workshop on Deep Learning for Knowledge Graphs (DL4KG@ ISWC2021)},
  series    = {{CEUR} Workshop Proceedings},
  volume    = {3034},
  year      = {2021}
}

@inproceedings{huang2019,
  author    = {Huang, Xiao and Zhang, Jingyuan and Li, Dingcheng and Li, Ping},
  title     = {Knowledge Graph Embedding Based Question Answering},
  year      = {2019},
  doi       = {10.1145/3289600.3290956},
  booktitle = {{WSDM}'19},
  pages     = {105--113},
  numpages  = {9}
}

@inproceedings{jaradeh2019,
  author    = {Mohamad Yaser Jaradeh and
               Allard Oelen and
               Kheir Eddine Farfar and
               Manuel Prinz and
               Jennifer D'Souza and
               G{\'a}bor Kismih{\'o}k and
               Markus Stocker and
               S{\"o}ren Auer},
  title     = {Open Research Knowledge Graph: Next Generation Infrastructure for Semantic Scholarly Knowledge},
  booktitle = {Proceedings of the 10th International Conference on Knowledge Capture, {K-CAP} 2019},
  pages     = {243--246},
  publisher = {{ACM}},
  year      = {2019},
  url       = {https://doi.org/10.1145/3360901.3364435},
  doi       = {10.1145/3360901.3364435},
}

@inproceedings{jaradeh2021,
  author    = {Jaradeh, Mohamad Yaser and Singh, Kuldeep and Stocker, Markus and Auer, S{\"o}ren},
  title     = {Triple Classification for Scholarly Knowledge Graph Completion},
  year      = {2021},
  address   = {New York, NY, USA},
  url       = {https://doi.org/10.1145/3460210.3493582},
  doi       = {10.1145/3460210.3493582},
  booktitle = {Proceedings of the 11th Conference on Knowledge Capture, {K-CAP} 2021},
  pages     = {225--232},
  numpages  = {8},
}

@inproceedings{jenatton2012,
  author    = {Rodolphe Jenatton and
               Nicolas Le Roux and
               Antoine Bordes and
               Guillaume Obozinski},
  title     = {A latent factor model for highly multi-relational data},
  booktitle = {Proceedings of the 26th Annual Conference on Neural Information Processing Systems, {NIPS} 2012},
  pages     = {3176--3184},
  year      = {2012},
  url       = {https://proceedings.neurips.cc/paper/2012/hash/0a1bf96b7165e962e90cb14648c9462d-Abstract.html},
}

@inproceedings{ji2015,
  title     = {Knowledge graph embedding via dynamic mapping matrix},
  author    = {Ji, Guoliang and He, Shizhu and Xu, Liheng and Liu, Kang and Zhao, Jun},
  booktitle = {{ACL} {(1)}},
  pages     = {687--696},
  year      = {2015},
  publisher = {The Association for Computer Linguistics}
}

@inproceedings{kazemi2018,
  title     = {SimplE Embedding for Link Prediction in Knowledge Graphs},
  author    = {Kazemi, Seyed Mehran and Poole, David},
  booktitle = {Advances in Neural Information Processing Systems},
  year      = {2018}
}

@inproceedings{kipf2017,
  author    = {Thomas N. Kipf and
               Max Welling},
  title     = {Semi-Supervised Classification with Graph Convolutional Networks},
  booktitle = {Proceedings of the 5th International Conference on Learning Representations, {ICLR} 2017},
  year      = {2017},
  url       = {https://openreview.net/forum?id=SJU4ayYgl},
}

@inproceedings{kong2019,
  author    = {Fanshuang Kong and
               Richong Zhang and
               Yongyi Mao and
               Ting Deng},
  title     = {{LENA:} Locality-Expanded Neural Embedding for Knowledge Base Completion},
  booktitle = {Proceedings of the Thirty-Third {AAAI} Conference on Artificial Intelligence, {AAAI} 2019},
  pages     = {2895--2902},
  publisher = {{AAAI} Press},
  year      = {2019},
  url       = {https://doi.org/10.1609/aaai.v33i01.33012895},
  doi       = {10.1609/aaai.v33i01.33012895}
}

@article{kuhn2016,
  author    = {Tobias Kuhn and
               Christine Chichester and
               Michael Krauthammer and
               N{\'u}ria Queralt{-}Rosinach and
               Ruben Verborgh and
               George Giannakopoulos and
               Axel{-}Cyrille Ngonga Ngomo and
               Raffaele Viglianti and
               Michel Dumontier},
  title     = {Decentralized provenance-aware publishing with nanopublications},
  journal   = {PeerJ Comput. Sci.},
  volume    = {2},
  pages     = {e78},
  year      = {2016},
  url       = {https://doi.org/10.7717/peerj-cs.78},
  doi       = {10.7717/peerj-cs.78},
}

@article{lehmann2015dbpedia,
  author    = {Jens Lehmann and
               Robert Isele and
               Max Jakob and
               Anja Jentzsch and
               Dimitris Kontokostas and
               Pablo N. Mendes and
               Sebastian Hellmann and
               Mohamed Morsey and
               Patrick van Kleef and
               S{\"{o}}ren Auer and
               Christian Bizer},
  title     = {DBpedia - {A} large-scale, multilingual knowledge base extracted from Wikipedia},
  journal   = {Semantic Web},
  volume    = {6},
  number    = {2},
  pages     = {167--195},
  year      = {2015},
  url       = {https://doi.org/10.3233/SW-140134},
  doi       = {10.3233/SW-140134}
}

@inproceedings{li2021,
  author    = {Xiajing Li and
               Marios Daoutis},
  title     = {Unsupervised Key-phrase Extraction and Clustering for Classification Scheme in Scientific Publications},
  booktitle = {Proceedings of the Workshop on Scientific Document Understanding, SDU@AAAI 2021},
  series    = {{CEUR} Workshop Proceedings},
  volume    = {2831},
  year      = {2021},
  url       = {https://ceur-ws.org/Vol-2831/paper2.pdf},
}

@inproceedings{lin2015,
  title     = {Learning entity and relation embeddings for knowledge graph completion.},
  author    = {Lin, Yankai and Liu, Zhiyuan and Sun, Maosong and Liu, Yang and Zhu, Xuan},
  booktitle = {{AAAI}},
  volume    = {15},
  pages     = {2181--2187},
  year      = {2015},
  publisher = {{AAAI} Press}
}

@article{liu2016,
  author     = {Quan Liu and
                Hui Jiang and
                Zhen{-}Hua Ling and
                Si Wei and
                Yu Hu},
  title      = {Probabilistic Reasoning via Deep Learning: Neural Association Models},
  journal    = {CoRR},
  volume     = {abs/1603.07704},
  year       = {2016},
  url        = {http://arxiv.org/abs/1603.07704},
  eprinttype = {arXiv},
  eprint     = {1603.07704},
}

@inproceedings{liu2017,
  title        = {Analogical inference for multi-relational embeddings},
  author       = {Liu, Hanxiao and Wu, Yuexin and Yang, Yiming},
  booktitle    = {International conference on machine learning},
  pages        = {2168--2178},
  year         = {2017},
  organization = {PMLR}
}

@article{liu2019roberta,
  title   = {RoBERTa: {A} Robustly Optimized {BERT} Pretraining Approach},
  author  = {Yinhan Liu and Myle Ott and Naman Goyal and Jingfei Du and Mandar Joshi and Danqi Chen and Omer Levy and Mike Lewis and Luke Zettlemoyer and Veselin Stoyanov},
  year    = 2019,
  journal = {CoRR},
  volume  = {abs/1907.11692},
  url     = {http://arxiv.org/abs/1907.11692},
  eprint  = {1907.11692}
}

@article{miller1995,
  author    = {Miller, George A.},
  title     = {WordNet: A Lexical Database for English},
  journal   = {Commun. {ACM}},
  volume    = {38},
  number    = {11},
  year      = {1995},
  pages     = {39--41},
  publisher = {ACM},
  doi       = {10.1145/219717.219748}
}

@article{mitchell2018,
  title     = {Never-ending Learning},
  author    = {Mitchell, T. and Cohen, W. and Hruschka, E. and others},
  year      = 2018,
  journal   = {Commun. {ACM}},
  publisher = {ACM},
  volume    = 61,
  number    = 5,
  pages     = {103--115},
  doi       = {10.1145/3191513}
}

@inproceedings{neumaier2016,
  author    = {Sebastian Neumaier and J{\"{u}}rgen Umbrich and Josiane Xavier Parreira and Axel Polleres},
  title     = {Multi-level Semantic Labelling of Numerical Values},
  booktitle = {{ISWC}},
  volume    = {9981},
  pages     = {428--445},
  year      = {2016},
  doi       = {10.1007/978-3-319-46523-4_26}
}

@inproceedings{nguyen2019,
  author    = {Dai Quoc Nguyen and
               Thanh Vu and
               Tu Dinh Nguyen and
               Dat Quoc Nguyen and
               Dinh Q. Phung},
  title     = {A Capsule Network-based Embedding Model for Knowledge Graph Completion and Search Personalization},
  booktitle = {Proceedings of the 2019 Conference of the North American Chapter of the Association for Computational Linguistics: Human Language Technologies, {NAACL-HLT} 2019},
  pages     = {2180--2189},
  publisher = {Association for Computational Linguistics},
  year      = {2019},
  url       = {https://doi.org/10.18653/v1/n19-1226},
  doi       = {10.18653/v1/n19-1226},
}

@inproceedings{nickel2011,
  author    = {Maximilian Nickel and
               Volker Tresp and
               Hans{-}Peter Kriegel},
  editor    = {Lise Getoor and
               Tobias Scheffer},
  title     = {A Three-Way Model for Collective Learning on Multi-Relational Data},
  booktitle = {Proceedings of the 28th International Conference on Machine Learning, {ICML} 2011},
  pages     = {809--816},
  publisher = {Omnipress},
  year      = {2011},
  url       = {https://icml.cc/2011/papers/438\_icmlpaper.pdf},
}

@inproceedings{oh2018,
  author    = {Byungkook Oh and Seungmin Seo and Kyong{-}Ho Lee},
  title     = {Knowledge Graph Completion by Context-Aware Convolutional Learning with Multi-Hop Neighborhoods},
  booktitle = {Proceedings of the 27th {ACM} International Conference on Information and Knowledge Management, {CIKM} 2018},
  pages     = {257--266},
  publisher = {{ACM}},
  year      = {2018},
  url       = {https://doi.org/10.1145/3269206.3271769},
  doi       = {10.1145/3269206.3271769}
}

@article{paulheim2014,
  title     = {Improving the quality of linked data using statistical distributions},
  author    = {Paulheim, Heiko and Bizer, Christian},
  journal   = {Int. J. Semantic Web Inf. Syst.},
  volume    = {10},
  number    = {2},
  pages     = {63--86},
  year      = {2014},
  publisher = {IGI Global},
  doi       = {10.4018/ijswis.2014040104}
}

@article{paulheim2017,
  title     = {Knowledge graph refinement: A survey of approaches and evaluation methods},
  author    = {Paulheim, Heiko},
  journal   = {Semantic Web},
  volume    = {8},
  number    = {3},
  pages     = {489--508},
  year      = {2017},
  publisher = {IOS Press},
  doi       = {10.3233/SW-160218}
}

@inproceedings{reimers2019,
  title     = {{Sentence-BERT: Sentence Embeddings using Siamese BERT-Networks}},
  author    = {Reimers, Nils and Gurevych, Iryna},
  booktitle = {Proceedings of the 2019 Conference on Empirical Methods in Natural Language Processing},
  month     = {11},
  year      = {2019},
  publisher = {Association for Computational Linguistics},
  url       = {http://arxiv.org/abs/1908.10084}
}

@inproceedings{rossanez2020,
  author    = {Anderson Rossanez and
               J{\'u}lio Cesar dos Reis and
               Ricardo da Silva Torres},
  title     = {Representing Scientific Literature Evolution via Temporal Knowledge Graphs},
  booktitle = {Proceedings of the 6th Workshop on Managing the Evolution and Preservation of the Data Web (MEPDaW)},
  series    = {{CEUR} Workshop Proceedings},
  volume    = {2821},
  pages     = {33--42},
  publisher = {CEUR-WS.org},
  year      = {2020},
  url       = {https://ceur-ws.org/Vol-2821/paper5.pdf},
}

@inproceedings{sabour2017,
  author    = {Sara Sabour and
               Nicholas Frosst and
               Geoffrey E. Hinton},
  title     = {Dynamic Routing Between Capsules},
  booktitle = {Proceedings of the 30th Conference
               on Neural Information Processing Systems, {NIPS} 2017},
  pages     = {3856--3866},
  year      = {2017},
  url       = {https://proceedings.neurips.cc/paper/2017/hash/2cad8fa47bbef282badbb8de5374b894-Abstract.html},
}

@inproceedings{salatino2019,
  title     = {Improving Editorial Workflow and Metadata Quality at Springer Nature},
  author    = {Salatino, Angelo A. and Osborne, Francesco and Birukou, Aliaksandr and Motta, Enrico},
  year      = 2019,
  booktitle = {The Semantic Web -- ISWC 2019},
  publisher = {Springer Int. Publishing},
  address   = {Cham},
  pages     = {507--525},
  isbn      = {978-3-030-30796-7},
}

@inproceedings{salatino2020,
  author    = {Angelo A. Salatino and
               Francesco Osborne and
               Enrico Motta},
  title     = {ResearchFlow: Understanding the Knowledge Flow Between Academia and Industry},
  booktitle = {Proceedings of the 22nd International
               Conference on Knowledge Engineering and Knowledge Management, {EKAW} 2020},
  volume    = {12387},
  pages     = {219--236},
  publisher = {Springer},
  year      = {2020},
  url       = {https://doi.org/10.1007/978-3-030-61244-3\_16},
  doi       = {10.1007/978-3-030-61244-3_16},
}

@article{salatino2020CSO,
  title   = {The Computer Science Ontology: {A} Comprehensive Automatically-Generated Taxonomy of Research Areas},
  author  = {Angelo A. Salatino and Thiviyan Thanapalasingam and Andrea Mannocci and Aliaksandr Birukou and Francesco Osborne and Enrico Motta},
  year    = 2020,
  journal = {Data Intell.},
  volume  = 2,
  number  = 3,
  pages   = {379--416}
}

@inproceedings{schlegel2019,
  author    = {Viktor Schlegel and Andr{\'{e}} Freitas},
  title     = {DBee: {A} Database for Creating and Managing Knowledge Graphs and Embeddings},
  booktitle = {Proceedings of the Thirteenth Workshop on Graph-Based Methods for
               Natural Language Processing, TextGraphs@EMNLP 2019},
  pages     = {177--185},
  year      = {2019},
  doi       = {10.18653/v1/D19-5322}
}

@inproceedings{schlichtkrull2018,
  author    = {Michael Sejr Schlichtkrull and
               Thomas N. Kipf and
               Peter Bloem and
               Rianne van den Berg and
               Ivan Titov and
               Max Welling},
  title     = {Modeling Relational Data with Graph Convolutional Networks},
  booktitle = {Proceedings of the 15th Extended Semantic Web Conference, {ESWC} 2018},
  volume    = {10843},
  pages     = {593--607},
  publisher = {Springer},
  year      = {2018},
  url       = {https://doi.org/10.1007/978-3-319-93417-4\_38},
  doi       = {10.1007/978-3-319-93417-4_38},
}

@article{shen2022overview,
  author    = {Tong Shen and Fu Zhang and Jingwei Cheng},
  title     = {A comprehensive overview of knowledge graph completion},
  journal   = {Knowledge Based Systems},
  volume    = {255},
  pages     = {109597},
  year      = {2022},
  url       = {https://doi.org/10.1016/j.knosys.2022.109597},
  doi       = {10.1016/j.knosys.2022.109597}
}

 @inproceedings{shi18,
  author    = {Baoxu Shi and
               Tim Weninger},
  title     = {Open-World Knowledge Graph Completion},
  booktitle = {{AAAI}},
  pages     = {1957--1964},
  year      = {2018},
  url       = {https://www.aaai.org/ocs/index.php/AAAI/AAAI18/paper/view/16055}
}

@inproceedings{speranskaya2020,
  author    = {Marina Speranskaya and
               Martin Schmitt and
               Benjamin Roth},
  title     = {Ranking vs. Classifying: Measuring Knowledge Base Completion Quality},
  booktitle = {{AKBC}},
  year      = {2020}
}

@inproceedings{socher2013,
  title     = {Reasoning with neural tensor networks for knowledge base completion},
  author    = {Socher, Richard and Chen, Danqi and Manning, Christopher D and Ng, Andrew},
  booktitle = {{NIPS}},
  pages     = {926--934},
  year      = {2013},
}

@inproceedings{sun2019,
  title     = {{RotatE}: Knowledge Graph Embedding by Relational Rotation in Complex Space},
  author    = {Zhiqing Sun and Zhi-Hong Deng and Jian-Yun Nie and Jian Tang},
  booktitle = {International Conference on Learning Representations},
  year      = {2019}
}

@inproceedings{tay2017,
  author    = {Yi Tay and
               Anh Tuan Luu and
               Siu Cheung Hui and
               Falk Brauer},
  title     = {Random Semantic Tensor Ensemble for Scalable Knowledge Graph Link Prediction},
  booktitle = {Proceedings of the Tenth {ACM} International Conference on Web Search and Data Mining, {WSDM} 2017},
  pages     = {751--760},
  publisher = {{ACM}},
  year      = {2017},
  url       = {https://doi.org/10.1145/3018661.3018695},
  doi       = {10.1145/3018661.3018695},
}

@misc{tensorflow2015,
  title  = {{TensorFlow}: Large-Scale Machine Learning on Heterogeneous Systems},
  url    = {https://www.tensorflow.org/},
  note   = {Software available from tensorflow.org},
  author = {Mart\'{\i}n~Abadi and Ashish~Agarwal and Paul~Barham and others},
  year   = {2015}
}

@article{thakara2011,
  author  = {Alahakoon, Tharaka and Tripathi, Rahul and Kourtellis, Nicolas and Simha, Ramanuja and Iamnitchi, Adriana},
  year    = {2011},
  month   = {04},
  title   = {K-Path Centrality: A New Centrality Measure in Social Networks},
  journal = {Proceedings of the 4th Workshop on Social Network Systems, SNS'11},
  doi     = {10.1145/1989656.1989657}
}

@inproceedings{toutanova2003,
  title     = {Feature-rich part-of-speech tagging with a cyclic dependency network},
  author    = {Toutanova, Kristina and Klein, Dan and Manning, Christopher D and Singer, Yoram},
  year      = 2003,
  booktitle = {Proceedings of the 2003 Human Language Technology Conference of the North American Chapter of the Association for Computational Linguistics},
  pages     = {252--259}
}

@inproceedings{trouillon2016,
  title     = {Complex Embeddings for Simple Link Prediction},
  author    = {Th{\'{e}}o Trouillon and Johannes Welbl and Sebastian Riedel and {\'{E}}ric Gaussier and Guillaume Bouchard},
  year      = 2016,
  booktitle = {{ICML}},
  volume    = 48,
  pages     = {2071--2080}
}

@inproceedings{vahdati2016,
  title        = {OpenResearch: collaborative management of scholarly communication metadata},
  author       = {Vahdati, Sahar and Arndt, Natanael and Auer, S{\"o}ren and Lange, Christoph},
  year         = 2016,
  booktitle    = {European Knowledge Acquisition Workshop},
  pages        = {778--793},
  organization = {Springer}
}

@inproceedings{vashishth2020,
  author    = {Shikhar Vashishth and
               Soumya Sanyal and
               Vikram Nitin and
               Nilesh Agrawal and
               Partha P. Talukdar},
  title     = {InteractE: Improving Convolution-Based Knowledge Graph Embeddings by Increasing Feature Interactions},
  booktitle = {Proceedings of the Thirty-Fourth {AAAI} Conference on Artificial Intelligence, {AAAI} 2020},
  pages     = {3009--3016},
  publisher = {{AAAI} Press},
  year      = {2020},
  url       = {https://ojs.aaai.org/index.php/AAAI/article/view/5694},
}

@inproceedings{wadden2019,
  title     = {Entity, Relation, and Event Extraction with Contextualized Span Representations},
  author    = {David Wadden and Ulme Wennberg and Yi Luan and Hannaneh Hajishirzi},
  year      = 2019,
  booktitle = {Proceedings of the 2019 Conference on Empirical Methods in Natural Language Processing and the 9th International Joint Conference on Natural Language Processing, {EMNLP-IJCNLP} 2019},
  pages     = {5783--5788},
  doi       = {10.18653/v1/D19-1585},
  url       = {https://doi.org/10.18653/v1/D19-1585}
}

@inproceedings{wang2014,
  title     = {Knowledge Graph Embedding by Translating on Hyperplanes},
  author    = {Wang, Zhen and Zhang, Jianwen and Feng, Jianlin and Chen, Zheng},
  booktitle = {{AAAI}},
  volume    = {14},
  pages     = {1112--1119},
  year      = {2014},
  publisher = {{AAAI} Press}
}

@article{wu2021,
  author    = {Zonghan Wu and
               Shirui Pan and
               Fengwen Chen and
               Guodong Long and
               Chengqi Zhang and
               Philip S. Yu},
  title     = {A Comprehensive Survey on Graph Neural Networks},
  journal   = {{IEEE} Trans. Neural Networks Learn. Syst.},
  volume    = {32},
  number    = {1},
  pages     = {4--24},
  year      = {2021},
  url       = {https://doi.org/10.1109/TNNLS.2020.2978386},
  doi       = {10.1109/TNNLS.2020.2978386},
}

@article{xiao2015,
  author     = {Han Xiao and
                Minlie Huang and
                Yu Hao and
                Xiaoyan Zhu},
  title      = {TransA: An Adaptive Approach for Knowledge Graph Embedding},
  journal    = {CoRR},
  volume     = {abs/1509.05490},
  year       = {2015},
  url        = {http://arxiv.org/abs/1509.05490},
  eprinttype = {arXiv},
  eprint     = {1509.05490},
}

@article{yadav2019,
  author  = {Vikas Yadav and Steven Bethard},
  title   = {A Survey on Recent Advances in Named Entity Recognition from Deep Learning models},
  journal = {CoRR},
  year    = {2019}
}

@inproceedings{yang2014,
  author    = {Bishan Yang and
               Wen{-}tau Yih and
               Xiaodong He and
               Jianfeng Gao and
               Li Deng},
  title     = {Embedding Entities and Relations for Learning and Inference in Knowledge Bases},
  booktitle = {Proceedings of the 3rd International Conference on Learning Representations, {ICLR}},
  year      = {2015},
  url       = {http://arxiv.org/abs/1412.6575},
}

@article{ye2022,
  author    = {Zi Ye and
               Yogan Jaya Kumar and
               Goh Ong Sing and
               Fengyan Song and
               Junsong Wang},
  title     = {A Comprehensive Survey of Graph Neural Networks for Knowledge Graphs},
  journal   = {{IEEE} Access},
  volume    = {10},
  pages     = {75729--75741},
  year      = {2022},
  url       = {https://doi.org/10.1109/ACCESS.2022.3191784},
  doi       = {10.1109/ACCESS.2022.3191784},
}

@article{zhou2020,
  author    = {Jie Zhou and
               Ganqu Cui and
               Shengding Hu and
               Zhengyan Zhang and
               Cheng Yang and
               Zhiyuan Liu and
               Lifeng Wang and
               Changcheng Li and
               Maosong Sun},
  title     = {Graph neural networks: {A} review of methods and applications},
  journal   = {{AI} Open},
  volume    = {1},
  pages     = {57--81},
  year      = {2020},
  url       = {https://doi.org/10.1016/j.aiopen.2021.01.001},
  doi       = {10.1016/j.aiopen.2021.01.001},
}

@inproceedings{shang2019,
  author    = {Chao Shang and
               Yun Tang and
               Jing Huang and
               Jinbo Bi and
               Xiaodong He and
               Bowen Zhou},
  title     = {End-to-End Structure-Aware Convolutional Networks for Knowledge Base Completion},
  booktitle = {Proceedings of the 33rd Conference on Artificial Intelligence, {AAAI} 2019},
  pages     = {3060--3067},
  publisher = {{AAAI} Press},
  year      = {2019},
  url       = {https://doi.org/10.1609/aaai.v33i01.33013060},
  doi       = {10.1609/aaai.v33i01.33013060},
}

@article{muggleton1994,
  author    = {Stephen H. Muggleton and
               Luc De Raedt},
  title     = {Inductive Logic Programming: Theory and Methods},
  journal   = {J. Log. Program.},
  volume    = {19/20},
  pages     = {629--679},
  year      = {1994},
  url       = {https://doi.org/10.1016/0743-1066(94)90035-3},
  doi       = {10.1016/0743-1066(94)90035-3},
}

@inproceedings{jiang2016,
  author    = {Tingsong Jiang and
               Tianyu Liu and
               Tao Ge and
               Lei Sha and
               Baobao Chang and
               Sujian Li and
               Zhifang Sui},
  title     = {Towards Time-Aware Knowledge Graph Completion},
  booktitle = {Proceedings of the 26th International Conference on Computational Linguistics, {COLING} 2016},
  pages     = {1715--1724},
  publisher = {{ACL}},
  year      = {2016},
  url       = {https://aclanthology.org/C16-1161/},
}

@inproceedings{galarraga2013,
  author    = {Luis Antonio Gal{\'{a}}rraga and
               Christina Teflioudi and
               Katja Hose and
               Fabian M. Suchanek},
  title     = {{AMIE:} association rule mining under incomplete evidence in ontological knowledge bases},
  booktitle = {Proceedings of the 22nd International World Wide Web Conference, {WWW} 2013},
  pages     = {413--422},
  publisher = {International World Wide Web Conferences Steering Committee / {ACM}},
  year      = {2013},
  url       = {https://doi.org/10.1145/2488388.2488425},
  doi       = {10.1145/2488388.2488425},
}

@article{wang2015,
  author     = {Zhichun Wang and Juan{-}Zi Li},
  title      = {RDF2Rules: Learning Rules from {RDF} Knowledge Bases by Mining Frequent Predicate Cycles},
  journal    = {CoRR},
  volume     = {abs/1512.07734},
  year       = {2015},
  url        = {http://arxiv.org/abs/1512.07734},
  eprinttype = {arXiv},
  eprint     = {1512.07734},
}

@inproceedings{stepanova2018,
  author    = {Daria Stepanova and
               Mohamed H. Gad{-}Elrab and
               Vinh Thinh Ho},
  title     = {Rule Induction and Reasoning over Knowledge Graphs},
  booktitle = {Reasoning Web. Learning, Uncertainty, Streaming, and Scalability, 2018},
  volume    = {11078},
  pages     = {142--172},
  publisher = {Springer},
  year      = {2018},
  url       = {https://doi.org/10.1007/978-3-030-00338-8\_6},
  doi       = {10.1007/978-3-030-00338-8_6},
}

@article{richardson2006,
  author    = {Richardson, Matthew and
               Domingos, Pedro M.},
  title     = {Markov logic networks},
  journal   = {Mach. Learn.},
  volume    = {62},
  number    = {1-2},
  pages     = {107--136},
  year      = {2006},
  url       = {https://doi.org/10.1007/s10994-006-5833-1},
  doi       = {10.1007/s10994-006-5833-1},
}

@inproceedings{yang2017,
  author    = {Fan Yang and
               Zhilin Yang and
               William W. Cohen},
  title     = {Differentiable Learning of Logical Rules for Knowledge Base Reasoning},
  booktitle = {Proceedings of the 30th Annual Conference
               on Neural Information Processing Systems, {NIPS} 2017},
  pages     = {2319--2328},
  year      = {2017},
  url       = {https://proceedings.neurips.cc/paper/2017/hash/0e55666a4ad822e0e34299df3591d979-Abstract.html},
}

@inproceedings{kuzelka2019,
  author    = {Ondrej Kuzelka and Jesse Davis},
  title     = {Markov Logic Networks for Knowledge Base Completion: {A} Theoretical Analysis Under the {MCAR} Assumption},
  booktitle = {Proceedings of the 35th Conference on Uncertainty in Artificial Intelligence, {UAI} 2019},
  series    = {Proceedings of Machine Learning Research},
  volume    = {115},
  pages     = {1138--1148},
  publisher = {{AUAI} Press},
  year      = {2019},
  url       = {http://proceedings.mlr.press/v115/kuzelka20a.html},
}

@inproceedings{rocktaschel2017,
  author    = {Tim Rockt{\"{a}}schel and Sebastian Riedel},
  title     = {End-to-end Differentiable Proving},
  booktitle = {Proceedings of the 30th Annual Conference
               on Neural Information Processing Systems, {NIPS} 2017},
  pages     = {3788--3800},
  year      = {2017},
  url       = {https://proceedings.neurips.cc/paper/2017/hash/b2ab001909a8a6f04b51920306046ce5-Abstract.html},
}

@article{minervini2018,
  author     = {Pasquale Minervini and
                Matko Bosnjak and
                Tim Rockt{\"{a}}schel and
                Sebastian Riedel},
  title      = {Towards Neural Theorem Proving at Scale},
  journal    = {CoRR},
  volume     = {abs/1807.08204},
  year       = {2018},
  url        = {http://arxiv.org/abs/1807.08204},
  eprinttype = {arXiv},
  eprint     = {1807.08204},
}

@inproceedings{sadeghian2019,
  author    = {Ali Sadeghian and
               Mohammadreza Armandpour and
               Patrick Ding and
               Daisy Zhe Wang},
  title     = {{DRUM:} End-To-End Differentiable Rule Mining On Knowledge Graphs},
  booktitle = {Proceedings of the 32nd Annual Conference
               on Neural Information Processing Systems, {NeurIPS} 2019},
  pages     = {15321--15331},
  year      = {2019},
  url       = {https://proceedings.neurips.cc/paper/2019/hash/0c72cb7ee1512f800abe27823a792d03-Abstract.html},
}

@inproceedings{demeester2016,
  author    = {Thomas Demeester and
               Tim Rockt{\"{a}}schel and
               Sebastian Riedel},
  title     = {Regularizing Relation Representations by First-order Implications},
  booktitle = {Proceedings of the 5th Workshop on Automated Knowledge Base Construction, {AKBC} 2016},
  pages     = {75--80},
  publisher = {The Association for Computer Linguistics},
  year      = {2016},
  url       = {https://doi.org/10.18653/v1/w16-1314},
  doi       = {10.18653/v1/w16-1314},
}

@inproceedings{wei2015,
  author    = {Zhuoyu Wei and
               Jun Zhao and
               Kang Liu and
               Zhenyu Qi and
               Zhengya Sun and
               Guanhua Tian},
  title     = {Large-scale Knowledge Base Completion: Inferring via Grounding Network Sampling over Selected Instances},
  booktitle = {Proceedings of the 24th {ACM} International Conference on Information and Knowledge Management, {CIKM} 2015},
  pages     = {1331--1340},
  publisher = {{ACM}},
  year      = {2015},
  url       = {https://doi.org/10.1145/2806416.2806513},
  doi       = {10.1145/2806416.2806513},
}

@inproceedings{zhang2019,
  author    = {Wen Zhang and
               Bibek Paudel and
               Liang Wang and
               Jiaoyan Chen and
               Hai Zhu and
               Wei Zhang and
               Abraham Bernstein and
               Huajun Chen},
  title     = {Iteratively Learning Embeddings and Rules for Knowledge Graph Reasoning},
  booktitle = {The World Wide Web Conference, {WWW} 2019},
  pages     = {2366--2377},
  publisher = {{ACM}},
  year      = {2019},
  url       = {https://doi.org/10.1145/3308558.3313612},
  doi       = {10.1145/3308558.3313612},
}

@inproceedings{omran2018,
  author    = {Pouya Ghiasnezhad Omran and
               Kewen Wang and
               Zhe Wang},
  title     = {Scalable Rule Learning via Learning Representation},
  booktitle = {Proceedings of the Twenty-Seventh International Joint Conference on Artificial Intelligence, {IJCAI} 2018},
  pages     = {2149--2155},
  publisher = {ijcai.org},
  year      = {2018},
  url       = {https://doi.org/10.24963/ijcai.2018/297},
  doi       = {10.24963/ijcai.2018/297},
}

@inproceedings{wang2015b,
  author    = {Quan Wang and
               Bin Wang and
               Li Guo},
  title     = {Knowledge Base Completion Using Embeddings and Rules},
  booktitle = {Proceedings of the 24th International Joint Conference on Artificial Intelligence, {IJCAI} 2015},
  pages     = {1859--1866},
  publisher = {{AAAI} Press},
  year      = {2015},
  url       = {http://ijcai.org/Abstract/15/264},
}

@inproceedings{guo2016,
  author    = {Shu Guo and
               Quan Wang and
               Lihong Wang and
               Bin Wang and
               Li Guo},
  title     = {Jointly Embedding Knowledge Graphs and Logical Rules},
  booktitle = {Proceedings of the 2016 Conference on Empirical Methods in Natural Language Processing, {EMNLP} 2016},
  pages     = {192--202},
  publisher = {The Association for Computational Linguistics},
  year      = {2016},
  url       = {https://doi.org/10.18653/v1/d16-1019},
  doi       = {10.18653/v1/d16-1019},
}

@book{schrijver1999,
  author    = {Alexander Schrijver},
  title     = {Theory of linear and integer programming},
  series    = {Wiley-Interscience series in discrete mathematics and optimization},
  publisher = {Wiley},
  year      = {1999},
  isbn      = {978-0-471-98232-6},
}

@inproceedings{guo2018,
  author    = {Shu Guo and
               Quan Wang and
               Lihong Wang and
               Bin Wang and
               Li Guo},
  title     = {Knowledge Graph Embedding With Iterative Guidance From Soft Rules},
  booktitle = {Proceedings of the 32ns Conference on Artificial Intelligence, {AAAI} 2018},
  pages     = {4816--4823},
  publisher = {{AAAI} Press},
  year      = {2018},
  url       = {https://www.aaai.org/ocs/index.php/AAAI/AAAI18/paper/view/16369},
}

@inproceedings{meilicke2019,
  author    = {Christian Meilicke and
               Melisachew Wudage Chekol and
               Daniel Ruffinelli and
               Heiner Stuckenschmidt},
  title     = {Anytime Bottom-Up Rule Learning for Knowledge Graph Completion},
  booktitle = {Proceedings of the 28th International Joint Conference on Artificial Intelligence, {IJCAI} 2019},
  pages     = {3137--3143},
  publisher = {ijcai.org},
  year      = {2019},
  url       = {https://doi.org/10.24963/ijcai.2019/435},
  doi       = {10.24963/ijcai.2019/435},
}

@article{ma2019,
  author    = {Jiangtao Ma and
               Yaqiong Qiao and
               Guangwu Hu and
               Yanjun Wang and
               Chaoqin Zhang and
               Yongzhong Huang and
               Arun Kumar Sangaiah and
               Huaiguang Wu and
               Hongpo Zhang and
               Kai Ren},
  title     = {{ELPKG:} {A} High-Accuracy Link Prediction Approach for Knowledge Graph Completion},
  journal   = {Symmetry},
  volume    = {11},
  number    = {9},
  pages     = {1096},
  year      = {2019},
  url       = {https://doi.org/10.3390/sym11091096},
  doi       = {10.3390/sym11091096},
}

@inproceedings{niu2020,
  author    = {Guanglin Niu and
               Yongfei Zhang and
               Bo Li and
               Peng Cui and
               Si Liu and
               Jingyang Li and
               Xiaowei Zhang},
  title     = {Rule-Guided Compositional Representation Learning on Knowledge Graphs},
  booktitle = {Proceedings of the 34th Conference on Artificial Intelligence, {AAAI} 2020},
  pages     = {2950--2958},
  publisher = {{AAAI} Press},
  year      = {2020},
  url       = {https://ojs.aaai.org/index.php/AAAI/article/view/5687},
}

@inproceedings{lao2011,
  author    = {Ni Lao and
               Tom M. Mitchell and
               William W. Cohen},
  title     = {Random Walk Inference and Learning in {A} Large Scale Knowledge Base},
  booktitle = {Proceedings of the Conference on Empirical Methods in Natural Language Processing, {EMNLP} 2011},
  pages     = {529--539},
  publisher = {{ACL}},
  year      = {2011},
  url       = {https://aclanthology.org/D11-1049/},
}

@inproceedings{gardner2013,
  author    = {Matt Gardner and
               Partha Pratim Talukdar and
               Bryan Kisiel and
               Tom M. Mitchell},
  title     = {Improving Learning and Inference in a Large Knowledge-Base using Latent Syntactic Cues},
  booktitle = {Proceedings of the 2013 Conference on Empirical Methods in Natural Language Processing, {EMNLP} 2013},
  pages     = {833--838},
  publisher = {{ACL}},
  year      = {2013},
  url       = {https://aclanthology.org/D13-1080/},
}

@inproceedings{nastase2019,
  author    = {Vivi Nastase and
               Bhushan Kotnis},
  title     = {Abstract Graphs and Abstract Paths for Knowledge Graph Completion},
  booktitle = {Proceedings of the 8th Joint Conference on Lexical and Computational Semantics, SEM@NAACL-HLT 2019},
  pages     = {147--157},
  publisher = {Association for Computational Linguistics},
  year      = {2019},
  url       = {https://doi.org/10.18653/v1/s19-1016},
  doi       = {10.18653/v1/s19-1016},
}

@inproceedings{toutanova2016,
  author    = {Kristina Toutanova and
               Xi Victoria Lin and
               Wen{-}tau Yih and
               Hoifung Poon and
               Chris Quirk},
  title     = {Compositional Learning of Embeddings for Relation Paths in Knowledge Base and Text},
  booktitle = {Proceedings of the 54th Annual Meeting of the Association for Computational Linguistics, {ACL} 2016},
  publisher = {The Association for Computer Linguistics},
  year      = {2016},
  url       = {https://doi.org/10.18653/v1/p16-1136},
  doi       = {10.18653/v1/p16-1136},
}

@inproceedings{gu2015,
  author    = {Kelvin Guu and
               John Miller and
               Percy Liang},
  title     = {Traversing Knowledge Graphs in Vector Space},
  booktitle = {Proceedings of the 2015 Conference on Empirical Methods in Natural Language Processing, {EMNLP} 2015},
  pages     = {318--327},
  publisher = {The Association for Computational Linguistics},
  year      = {2015},
  url       = {https://doi.org/10.18653/v1/d15-1038},
  doi       = {10.18653/v1/d15-1038},
}

@inproceedings{das2017,
  author    = {Rajarshi Das and
               Arvind Neelakantan and
               David Belanger and
               Andrew McCallum},
  title     = {Chains of Reasoning over Entities, Relations, and Text using Recurrent Neural Networks},
  booktitle = {Proceedings of the 15th Conference of the European Chapter of the Association for Computational Linguistics, {EACL} 2017},
  pages     = {132--141},
  publisher = {Association for Computational Linguistics},
  year      = {2017},
  url       = {https://doi.org/10.18653/v1/e17-1013},
  doi       = {10.18653/v1/e17-1013},
}

@inproceedings{jiang2017,
  author    = {Xiaotian Jiang and
               Quan Wang and
               Baoyuan Qi and
               Yongqin Qiu and
               Peng Li and
               Bin Wang},
  title     = {Attentive Path Combination for Knowledge Graph Completion},
  booktitle = {Proceedings of The 9th Asian Conference on Machine Learning, {ACML} 2017},
  series    = {Proceedings of Machine Learning Research},
  volume    = {77},
  pages     = {590--605},
  publisher = {{PMLR}},
  year      = {2017},
  url       = {http://proceedings.mlr.press/v77/jiang17a.html},
}

@article{lei2019,
  author    = {Kai Lei and
               Jin Zhang and
               Yuexiang Xie and
               Desi Wen and
               Daoyuan Chen and
               Min Yang and
               Ying Shen},
  title     = {Path-based reasoning with constrained type attention for knowledge graph completion},
  journal   = {Neural Comput. Appl.},
  volume    = {32},
  number    = {11},
  pages     = {6957--6966},
  year      = {2020},
  url       = {https://doi.org/10.1007/s00521-019-04181-1},
  doi       = {10.1007/s00521-019-04181-1},
}

@inproceedings{vaswani2017,
  author    = {Ashish Vaswani and
               Noam Shazeer and
               Niki Parmar and
               Jakob Uszkoreit and
               Llion Jones and
               Aidan N. Gomez and
               Lukasz Kaiser and
               Illia Polosukhin},
  title     = {Attention is All you Need},
  booktitle = {Proceedings of the 30th Conference on Neural Information Processing Systems, {NIPS}},
  pages     = {5998--6008},
  year      = {2017},
  url       = {https://proceedings.neurips.cc/paper/2017/hash/3f5ee243547dee91fbd053c1c4a845aa-Abstract.html},
}

@inproceedings{wang2019,
  author    = {Peifeng Wang and
               Jialong Han and
               Chenliang Li and
               Rong Pan},
  title     = {Logic Attention Based Neighborhood Aggregation for Inductive Knowledge Graph Embedding},
  booktitle = {Proceedings of the 33rd Conference on Artificial Intelligence, {AAAI} 2019},
  pages     = {7152--7159},
  publisher = {{AAAI} Press},
  year      = {2019},
  url       = {https://doi.org/10.1609/aaai.v33i01.33017152},
  doi       = {10.1609/aaai.v33i01.33017152},
}

@inproceedings{nathani2019,
  author    = {Deepak Nathani and
               Jatin Chauhan and
               Charu Sharma and
               Manohar Kaul},
  title     = {Learning Attention-based Embeddings for Relation Prediction in Knowledge Graphs},
  booktitle = {Proceedings of the 57th Conference of the Association for Computational Linguistics, {ACL} 2019},
  pages     = {4710--4723},
  publisher = {Association for Computational Linguistics},
  year      = {2019},
  url       = {https://doi.org/10.18653/v1/p19-1466},
  doi       = {10.18653/v1/p19-1466},
}

@inproceedings{zhang2020,
  author    = {Zhao Zhang and
               Fuzhen Zhuang and
               Hengshu Zhu and
               Zhi{-}Ping Shi and
               Hui Xiong and
               Qing He},
  title     = {Relational Graph Neural Network with Hierarchical Attention for Knowledge Graph Completion},
  booktitle = {Proceedings of the 34th Conference on Artificial Intelligence, {AAAI} 2020},
  pages     = {9612--9619},
  publisher = {{AAAI} Press},
  year      = {2020},
  url       = {https://ojs.aaai.org/index.php/AAAI/article/view/6508},
}

@article{denoeux1995,
  author    = {Thierry Denoeux},
  title     = {A k-nearest neighbor classification rule based on Dempster-Shafer theory},
  journal   = {{IEEE} Trans. Syst. Man Cybern.},
  volume    = {25},
  number    = {5},
  pages     = {804--813},
  year      = {1995},
  url       = {https://doi.org/10.1109/21.376493},
  doi       = {10.1109/21.376493},
}

@inproceedings{neelakantan2015,
  author    = {Arvind Neelakantan and
               Benjamin Roth and
               Andrew McCallum},
  title     = {Compositional Vector Space Models for Knowledge Base Completion},
  booktitle = {Proceedings of the 53rd Annual Meeting of the Association for Computational Linguistics, {ACL} 2015},
  pages     = {156--166},
  publisher = {The Association for Computer Linguistics},
  year      = {2015},
  url       = {https://doi.org/10.3115/v1/p15-1016},
  doi       = {10.3115/v1/p15-1016},
}

@inproceedings{xiong2018,
  author    = {Wenhan Xiong and
               Mo Yu and
               Shiyu Chang and
               Xiaoxiao Guo and
               William Yang Wang},
  title     = {One-Shot Relational Learning for Knowledge Graphs},
  booktitle = {Proceedings of the 2018 Conference on Empirical Methods in Natural Language Processing, {EMNLP} 2018},
  pages     = {1980--1990},
  publisher = {Association for Computational Linguistics},
  year      = {2018},
  url       = {https://doi.org/10.18653/v1/d18-1223},
  doi       = {10.18653/v1/d18-1223},
}

@inproceedings{shen2017,
  author    = {Yelong Shen and
               Po{-}Sen Huang and
               Ming{-}Wei Chang and
               Jianfeng Gao},
  title     = {Modeling Large-Scale Structured Relationships with Shared Memory for Knowledge Base Completion},
  booktitle = {Proceedings of the 2nd Workshop on Representation Learning for NLP, Rep4NLP@ACL 2017},
  pages     = {57--68},
  publisher = {Association for Computational Linguistics},
  year      = {2017},
  url       = {https://doi.org/10.18653/v1/w17-2608},
  doi       = {10.18653/v1/w17-2608},
}

@inproceedings{garcia-duran2015b,
  author    = {Alberto Garc{\'{\i}}a{-}Dur{\'{a}}n and
               Antoine Bordes and
               Nicolas Usunier},
  title     = {Composing Relationships with Translations},
  booktitle = {Proceedings of the 2015 Conference on Empirical Methods in Natural Language Processing, {EMNLP} 2015},
  pages     = {286--290},
  publisher = {The Association for Computational Linguistics},
  year      = {2015},
  url       = {https://doi.org/10.18653/v1/d15-1034},
  doi       = {10.18653/v1/d15-1034},
}

@inproceedings{xiong2018b,
  author    = {Shengwu Xiong and
               Weitao Huang and
               Pengfei Duan},
  title     = {Knowledge Graph Embedding via Relation Paths and Dynamic Mapping Matrix},
  booktitle = {Advances in Conceptual Modeling - {ER} 2018},
  volume    = {11158},
  pages     = {106--118},
  publisher = {Springer},
  year      = {2018},
  url       = {https://doi.org/10.1007/978-3-030-01391-2\_18},
  doi       = {10.1007/978-3-030-01391-2_18},
}

@article{codd1970,
  author    = {E. F. Codd},
  title     = {A Relational Model of Data for Large Shared Data Banks},
  journal   = {Commun. {ACM}},
  volume    = {13},
  number    = {6},
  pages     = {377--387},
  year      = {1970},
  url       = {https://doi.org/10.1145/362384.362685},
  doi       = {10.1145/362384.362685},
}

@book{hayes-roth1983,
  author    = {Frederick Hayes{-}Roth},
  title     = {Building expert systems},
  series    = {Advanced book program},
  volume    = {1},
  publisher = {Addison-Wesley},
  year      = {1983},
  url       = {https://www.worldcat.org/oclc/09154010},
  isbn      = {0201106868},
}

@book{russell2020,
  author    = {Stuart Russell and Peter Norvig},
  title     = {Artificial Intelligence: {A} Modern Approach (4th Edition)},
  publisher = {Pearson},
  year      = {2020},
  url       = {http://aima.cs.berkeley.edu/},
  isbn      = {9780134610993},
}

@inproceedings{mahdisoltani2014,
  title        = {Yago3: A knowledge base from multilingual wikipedias},
  author       = {Mahdisoltani, Farzaneh and Biega, Joanna and Suchanek, Fabian},
  booktitle    = {7th biennial conference on innovative data systems research},
  year         = {2014},
  organization = {CIDR Conference}
}

@article{chakravarty2017,
  title     = {OncoKB: a precision oncology knowledge base},
  author    = {Chakravarty, Debyani and Gao, Jianjiong and Phillips, Sarah and others},
  journal   = {JCO precision oncology},
  volume    = {1},
  pages     = {1--16},
  year      = {2017},
  publisher = {American Society of Clinical Oncology}
}

@article{thorn2013pharmgkb,
  title     = {PharmGKB: the pharmacogenomics knowledge base},
  author    = {Thorn, Caroline F and Klein, Teri E and Altman, Russ B},
  journal   = {Pharmacogenomics: Methods and Protocols},
  pages     = {311--320},
  year      = {2013},
  publisher = {Springer}
}

@inproceedings{rebele2016,
  title        = {YAGO: A multilingual knowledge base from wikipedia, wordnet, and geonames},
  author       = {Rebele, Thomas and Suchanek, Fabian and Hoffart, Johannes and Biega, Joanna and Kuzey, Erdal and Weikum, Gerhard},
  booktitle    = {Proceedings of the 15th International Semantic Web Conference, {ISWC} 2017},
  pages        = {177--185},
  year         = {2016},
  organization = {Springer}
}

@inproceedings{carlson2010,
  title     = {Toward an architecture for never-ending language learning},
  author    = {Carlson, Andrew and Betteridge, Justin and Kisiel, Bryan and Settles, Burr and Hruschka, Estevam and Mitchell, Tom},
  booktitle = {Proceedings of the AAAI conference on artificial intelligence},
  volume    = {24},
  pages     = {1306--1313},
  year      = {2010}
}

@article{vrandevcic2014,
  title     = {Wikidata: a free collaborative knowledgebase},
  author    = {Vrande{\v{c}}i{\'c}, Denny and Kr{\"o}tzsch, Markus},
  journal   = {Communications of the ACM},
  volume    = {57},
  number    = {10},
  pages     = {78--85},
  year      = {2014},
  publisher = {ACM New York, NY, USA}
}

@article{wishart2009,
  title     = {HMDB: a knowledgebase for the human metabolome},
  author    = {Wishart, David S and Knox, Craig and Guo, An Chi and others},
  journal   = {Nucleic acids research},
  volume    = {37},
  number    = {suppl\_1},
  pages     = {D603--D610},
  year      = {2009},
  publisher = {Oxford University Press}
}

@article{wishart2008,
  title     = {DrugBank: a knowledgebase for drugs, drug actions and drug targets},
  author    = {Wishart, David S and Knox, Craig and Guo, An Chi and Cheng, Dean and Shrivastava, Savita and Tzur, Dan and Gautam, Bijaya and Hassanali, Murtaza},
  journal   = {Nucleic acids research},
  volume    = {36},
  number    = {suppl\_1},
  pages     = {D901--D906},
  year      = {2008},
  publisher = {Oxford University Press}
}

@article{kanehisa2010,
  title     = {{KEGG} for representation and analysis of molecular networks involving diseases and drugs},
  author    = {Kanehisa, Minoru and Goto, Susumu and Furumichi, Miho and Tanabe, Mao and Hirakawa, Mika},
  journal   = {Nucleic acids research},
  volume    = {38},
  number    = {suppl\_1},
  pages     = {D355--D360},
  year      = {2010},
  publisher = {Oxford University Press}
}

@article{decker2000,
  title     = {The semantic web: The roles of {XML} and {RDF}},
  author    = {Decker, Stefan and Melnik, Sergey and Van Harmelen, Frank and Fensel, Dieter and Klein, Michel and Broekstra, Jeen and Erdmann, Michael and Horrocks, Ian},
  journal   = {IEEE Internet computing},
  volume    = {4},
  number    = {5},
  pages     = {63--73},
  year      = {2000},
  publisher = {IEEE}
}

@misc{singhal2012,
  title  = {Introducing the Knowledge Graph: things, not strings},
  url    = {https://www.blog.google/products/search/introducing-knowledge-graph-things-not/},
  author = {Amit Singhal},
  year   = {2012}
}

@misc{krishnan2018,
  title  = {Making search easier: How Amazon's Product Graph is helping customers find products more easily},
  url    = {https://blog.aboutamazon.com/innovation/making-search-easier},
  author = {Arun Krishnan},
  year   = {2018}
}

@misc{shrivastava2017,
  author = {Saurabh Shrivastava},
  title  = {Bring rich knowledge of people, places, things and local businesses to your apps. {Bing} Blogs.},
  url    = {https://blogs.bing.com/search-quality-insights/2017-07/bring-rich-knowledge-of-people-places-things-and-local-businesses-to-your-apps},
  year   = {2017}
}

@misc{pittman2017,
  title  = {Making search easier: How Amazon's Product Graph is helping customers find products more easily},
  url    = {https://www.ebayinc.com/stories/news/cracking-the-code-on-conversational-commerce/},
  author = {R. J. Pittman and Amit Srivastava and Sanjika Hewavitharana and Ajinkya Kale and Saab Mansour},
  year   = {2017}
}

@article{noy2019,
  author    = {Natalya Fridman Noy and
               Yuqing Gao and
               Anshu Jain and
               Anant Narayanan and
               Alan Patterson and
               Jamie Taylor},
  title     = {Industry-scale knowledge graphs: lessons and challenges},
  journal   = {Commun. {ACM}},
  volume    = {62},
  number    = {8},
  pages     = {36--43},
  year      = {2019},
  url       = {https://doi.org/10.1145/3331166},
  doi       = {10.1145/3331166},
}

@inproceedings{suchanek2007,
  author    = {Fabian M. Suchanek and
               Gjergji Kasneci and
               Gerhard Weikum},
  title     = {Yago: a core of semantic knowledge},
  booktitle = {Proceedings of the 16th International Conference on World Wide Web, {WWW} 2007},
  pages     = {697--706},
  publisher = {{ACM}},
  year      = {2007},
  url       = {https://doi.org/10.1145/1242572.1242667},
  doi       = {10.1145/1242572.1242667},
}

@inproceedings{sinha2015,
  author    = {Arnab Sinha and
               Zhihong Shen and
               Yang Song and
               Hao Ma and
               Darrin Eide and
               Bo{-}June Paul Hsu and
               Kuansan Wang},
  title     = {An Overview of Microsoft Academic Service {(MAS)} and Applications},
  booktitle = {Proceedings of the 24th International World Wide Web Conference, {WWW} 2015},
  pages     = {243--246},
  publisher = {{ACM}},
  year      = {2015},
  url       = {https://doi.org/10.1145/2740908.2742839},
  doi       = {10.1145/2740908.2742839},
}

@inproceedings{zhang2021,
  author    = {Wen Zhang and
               Shumin Deng and
               Mingyang Chen and
               Liang Wang and
               Qiang Chen and
               Feiyu Xiong and
               Xiangwen Liu and
               Huajun Chen},
  title     = {Knowledge Graph Embedding in E-commerce Applications: Attentive Reasoning,
               Explanations, and Transferable Rules},
  booktitle = {Proceedings of the 10th International Joint Conference on Knowledge Graphs {IJCKG} 2021},
  pages     = {71--79},
  publisher = {{ACM}},
  year      = {2021},
  url       = {https://doi.org/10.1145/3502223.3502232},
  doi       = {10.1145/3502223.3502232},
}

@article{palumbo2020,
  author    = {Enrico Palumbo and
               Diego Monti and
               Giuseppe Rizzo and
               Rapha{\"{e}}l Troncy and
               Elena Baralis},
  title     = {entity2rec: Property-specific knowledge graph embeddings for item recommendation},
  journal   = {Expert Syst. Appl.},
  volume    = {151},
  pages     = {113235},
  year      = {2020},
  url       = {https://doi.org/10.1016/j.eswa.2020.113235},
  doi       = {10.1016/j.eswa.2020.113235},
}

@inproceedings{wang2019b,
  author    = {Hongwei Wang and
               Fuzheng Zhang and
               Miao Zhao and
               Wenjie Li and
               Xing Xie and
               Minyi Guo},
  title     = {Multi-Task Feature Learning for Knowledge Graph Enhanced Recommendation},
  booktitle = {Proceedings of the World Wide Web Conference, {WWW} 2019},
  pages     = {2000--2010},
  publisher = {{ACM}},
  year      = {2019},
  url       = {https://doi.org/10.1145/3308558.3313411},
  doi       = {10.1145/3308558.3313411},
}

@article{guo2022,
  author    = {Qingyu Guo and
               Fuzhen Zhuang and
               Chuan Qin and
               Hengshu Zhu and
               Xing Xie and
               Hui Xiong and
               Qing He},
  title     = {A Survey on Knowledge Graph-Based Recommender Systems},
  journal   = {{IEEE} Trans. Knowl. Data Eng.},
  volume    = {34},
  number    = {8},
  pages     = {3549--3568},
  year      = {2022},
  url       = {https://doi.org/10.1109/TKDE.2020.3028705},
  doi       = {10.1109/TKDE.2020.3028705},
}

@misc{rele2022,
  author = {Gaurav Rele and Soji Adeshina and Divya Bhargavi and Karan Sindwani and Vidya Sagar Ravipati and and Matthew Rhodes},
  title  = {Power recommendation and search using an IMDb knowledge graph},
  url    = {https://aws.amazon.com/blogs/machine-learning/part-1-power-recommendation-and-search-using-an-imdb-knowledge-graph/},
  year   = {2022}
}

@article{peng2023,
  author     = {Ciyuan Peng and
                Feng Xia and
                Mehdi Naseriparsa and
                Francesco Osborne},
  title      = {Knowledge Graphs: Opportunities and Challenges},
  journal    = {Artif. Intell. Rev.},
  year       = {2023},
  doi        = {10.1007/s10462-023-10465-9},
}

@article{wise2020,
  author     = {Colby Wise and
                Vassilis N. Ioannidis and
                Miguel Romero Calvo and
                Xiang Song and
                George Price and
                Ninad Kulkarni and
                Ryan Brand and
                Parminder Bhatia and
                George Karypis},
  title      = {{COVID-19} Knowledge Graph: Accelerating Information Retrieval and Discovery for Scientific Literature},
  journal    = {CoRR},
  volume     = {abs/2007.12731},
  year       = {2020},
  url        = {https://arxiv.org/abs/2007.12731},
  eprinttype = {arXiv},
  eprint     = {2007.12731},
}

@article{chen2018,
  author       = {Penghe Chen and
                  Yu Lu and
                  Vincent W. Zheng and
                  Xiyang Chen and
                  Boda Yang},
  title        = {{KnowEdu: A} System to Construct Knowledge Graph for Education},
  journal      = {{IEEE} Access},
  volume       = {6},
  pages        = {31553--31563},
  year         = {2018},
  url          = {https://doi.org/10.1109/ACCESS.2018.2839607},
  doi          = {10.1109/ACCESS.2018.2839607},
}

@article{aliyu2020,
  author  = {Aliyu, Ismail and Kana, A.F. and Aliyu, Salisu},
  year    = {2020},
  month   = {04},
  pages   = {1-10},
  title   = {Development of Knowledge Graph for University Courses Management},
  volume  = {10},
  journal = {International Journal of Education and Management Engineering},
  doi     = {10.5815/ijeme.2020.02.01}
}

@inproceedings{wang2018,
  author    = {Ruijie Wang and
               Yuchen Yan and
               Jialu Wang and
               Yuting Jia and
               Ye Zhang and
               Weinan Zhang and
               Xinbing Wang},
  title     = {{AceKG}: {A} Large-scale Knowledge Graph for Academic Data Mining},
  booktitle = {Proceedings of the 27th {ACM} International Conference on Information and Knowledge Management, {CIKM} 2018},
  pages     = {1487--1490},
  publisher = {{ACM}},
  year      = {2018},
  url       = {https://doi.org/10.1145/3269206.3269252},
  doi       = {10.1145/3269206.3269252},
}

@article{angioni2021,
  author    = {Simone Angioni and
               Angelo A. Salatino and
               Francesco Osborne and
               Diego Reforgiato Recupero and
               Enrico Motta},
  title     = {{AIDA:} {A} knowledge graph about research dynamics in academia and industry},
  journal   = {Quant. Sci. Stud.},
  volume    = {2},
  number    = {4},
  pages     = {1356--1398},
  year      = {2021},
  url       = {https://doi.org/10.1162/qss\_a\_00162},
  doi       = {10.1162/qss_a_00162},
}

@article{zhang2020b,
  author    = {Yong Zhang and
               Ming Sheng and
               Rui Zhou and
               Ye Wang and
               Guangjie Han and
               Han Zhang and
               Chunxiao Xing and
               Jing Dong},
  title     = {{HKGB:} An Inclusive, Extensible, Intelligent, Semi-auto-constructed Knowledge Graph Framework for Healthcare with Clinicians' Expertise Incorporated},
  journal   = {Inf. Process. Manag.},
  volume    = {57},
  number    = {6},
  pages     = {102324},
  year      = {2020},
  url       = {https://doi.org/10.1016/j.ipm.2020.102324},
  doi       = {10.1016/j.ipm.2020.102324},
}

@article{gong2021,
  author    = {Fan Gong and
               Meng Wang and
               Haofen Wang and
               Sen Wang and
               Mengyue Liu},
  title     = {{SMR:} Medical Knowledge Graph Embedding for Safe Medicine Recommendation},
  journal   = {Big Data Res.},
  volume    = {23},
  pages     = {100174},
  year      = {2021},
  url       = {https://doi.org/10.1016/j.bdr.2020.100174},
  doi       = {10.1016/j.bdr.2020.100174},
}

@inproceedings{ren2022,
  author    = {Hongyu Ren and
               Hanjun Dai and
               Bo Dai and
               Xinyun Chen and
               Denny Zhou and
               Jure Leskovec and
               Dale Schuurmans},
  title     = {{SMORE:} Knowledge Graph Completion and Multi-hop Reasoning in Massive Knowledge Graphs},
  booktitle = {Proceedings of the 28th Conference on Knowledge Discovery and Data Mining, {SIGKDD} 2022},
  pages     = {1472--1482},
  publisher = {{ACM}},
  year      = {2022},
  url       = {https://doi.org/10.1145/3534678.3539405},
  doi       = {10.1145/3534678.3539405},
}

@article{javed2021,
  author    = {Umair Javed and
               Kamran Shaukat and
               Ibrahim A. Hameed and
               Farhat Iqbal and
               Talha Mahboob Alam and
               Suhuai Luo},
  title     = {A Review of Content-Based and Context-Based Recommendation Systems},
  journal   = {Int. J. Emerg. Technol. Learn.},
  volume    = {16},
  number    = {3},
  year      = {2021},
  url       = {https://doi.org/10.3991/ijet.v16i03.18851},
  doi       = {10.3991/ijet.v16i03.18851},
}

@inproceedings{xu2019,
  author    = {Kun Xu and
               Liwei Wang and
               Mo Yu and
               Yansong Feng and
               Yan Song and
               Zhiguo Wang and
               Dong Yu},
  title     = {Cross-lingual Knowledge Graph Alignment via Graph Matching Neural Network},
  booktitle = {Proceedings of the 57th Conference of the Association for Computational Linguistics, {ACL} 2019},
  pages     = {3156--3161},
  publisher = {Association for Computational Linguistics},
  year      = {2019},
  url       = {https://doi.org/10.18653/v1/p19-1304},
  doi       = {10.18653/v1/p19-1304},
}

@article{guo2021,
  author    = {Hao Guo and
               Jiuyang Tang and
               Weixin Zeng and
               Xiang Zhao and
               Li Liu},
  title     = {Multi-modal entity alignment in hyperbolic space},
  journal   = {Neurocomputing},
  volume    = {461},
  pages     = {598--607},
  year      = {2021},
  url       = {https://doi.org/10.1016/j.neucom.2021.03.132},
  doi       = {10.1016/j.neucom.2021.03.132},
}

@article{cheng2022,
  author    = {Bo Cheng and
               Jia Zhu and
               Meimei Guo},
  title     = {{MultiJAF}: Multi-modal joint entity alignment framework for multi-modal
               knowledge graph},
  journal   = {Neurocomputing},
  volume    = {500},
  pages     = {581--591},
  year      = {2022},
  url       = {https://doi.org/10.1016/j.neucom.2022.05.058},
  doi       = {10.1016/j.neucom.2022.05.058},
}

@inproceedings{pasternack2010,
  author    = {Jeff Pasternack and
               Dan Roth},
  editor    = {Chu{-}Ren Huang and
               Dan Jurafsky},
  title     = {Knowing What to Believe (when you already know something)},
  booktitle = {Proceedings of the 23rd International Conference on Computational Linguistics, {COLING} 2010},
  pages     = {877--885},
  publisher = {Tsinghua University Press},
  year      = {2010},
  url       = {https://aclanthology.org/C10-1099/},
}

@inproceedings{pasternack2011,
  author    = {Jeff Pasternack and
               Dan Roth},
  editor    = {Toby Walsh},
  title     = {Making Better Informed Trust Decisions with Generalized Fact-Finding},
  booktitle = {Proceedings of the 22nd International Joint Conference on Artificial Intelligence, {IJCAI} 2011},
  pages     = {2324--2329},
  publisher = {{IJCAI/AAAI}},
  year      = {2011},
  url       = {https://doi.org/10.5591/978-1-57735-516-8/IJCAI11-387},
  doi       = {10.5591/978-1-57735-516-8/IJCAI11-387},
}

@article{gerber2015,
  author    = {Daniel Gerber and
               Diego Esteves and
               Jens Lehmann and
               Lorenz B{\"{u}}hmann and
               Ricardo Usbeck and
               Axel{-}Cyrille Ngonga Ngomo and
               Ren{\'{e}} Speck},
  title     = {DeFacto - Temporal and multilingual Deep Fact Validation},
  journal   = {J. Web Semant.},
  volume    = {35},
  pages     = {85--101},
  year      = {2015},
  url       = {https://doi.org/10.1016/j.websem.2015.08.001},
  doi       = {10.1016/j.websem.2015.08.001},
}

@inproceedings{syed2018,
  author    = {Zafar Habeeb Syed and
               Michael R{\"{o}}der and
               Axel{-}Cyrille Ngonga Ngomo},
  title     = {{FactCheck}: Validating {RDF} Triples Using Textual Evidence},
  booktitle = {Proceedings of the 27th {ACM} International Conference on Information and Knowledge Management, {CIKM} 2018},
  pages     = {1599--1602},
  publisher = {{ACM}},
  year      = {2018},
  url       = {https://doi.org/10.1145/3269206.3269308},
  doi       = {10.1145/3269206.3269308},
}

@inproceedings{topper2012,
  author    = {Gerald T{\"{o}}pper and
               Magnus Knuth and
               Harald Sack},
  editor    = {Valentina Presutti and
               Helena Sofia Pinto},
  title     = {{DBpedia} ontology enrichment for inconsistency detection},
  booktitle = {{I-SEMANTICS} 2012 - 8th International Conference on Semantic Systems,
               {I-SEMANTICS} '12, Graz, Austria, September 5-7, 2012},
  pages     = {33--40},
  publisher = {{ACM}},
  year      = {2012},
  url       = {https://doi.org/10.1145/2362499.2362505},
  doi       = {10.1145/2362499.2362505},
}

@article{bonatti2011,
  author    = {Piero A. Bonatti and
               Aidan Hogan and
               Axel Polleres and
               Luigi Sauro},
  title     = {Robust and scalable Linked Data reasoning incorporating provenance and trust annotations},
  journal   = {J. Web Semant.},
  volume    = {9},
  number    = {2},
  pages     = {165--201},
  year      = {2011},
  url       = {https://doi.org/10.1016/j.websem.2011.06.003},
  doi       = {10.1016/j.websem.2011.06.003},
}

@book{ayala2020tesis,
  title  = {On Data Engineering and Knowledge Graphs - A holistic, smarter approach to data enrichment},
  author = {Ayala Hern{\'a}ndez, Daniel},
  year   = {2020},
  publisher = {PhD dissertation},
}

@article{borrego2022silence,
  author    = {Agust{\'{\i}}n Borrego and
               Miguel Bermudo and
               Fernando Sola and
               Daniel Ayala and
               Inma Hern{\'{a}}ndez and
               David Ruiz},
  title     = {Silence --- {A} web framework for an agile generation of {RESTful APIs}},
  journal   = {SoftwareX},
  volume    = {20},
  pages     = {101260},
  year      = {2022},
  url       = {https://doi.org/10.1016/j.softx.2022.101260},
  doi       = {10.1016/j.softx.2022.101260},
}

@inproceedings{brown2020,
  author    = {Tom B. Brown and
               Benjamin Mann and
               Nick Ryder and
               others},
  title     = {Language Models are Few-Shot Learners},
  booktitle = {Proceedings of the 33rd Annual Conference on Neural Information Processing Systems, {NeurIPS} 2020},
  year      = {2020},
  url       = {https://proceedings.neurips.cc/paper/2020/hash/1457c0d6bfcb4967418bfb8ac142f64a-Abstract.html},
}

@inproceedings{rombach2022,
  author    = {Robin Rombach and
               Andreas Blattmann and
               Dominik Lorenz and
               Patrick Esser and
               Bj{\"{o}}rn Ommer},
  title     = {High-Resolution Image Synthesis with Latent Diffusion Models},
  booktitle = {{IEEE/CVF} Conference on Computer Vision and Pattern Recognition, {CVPR} 2022},
  pages     = {10674--10685},
  publisher = {{IEEE}},
  year      = {2022},
  url       = {https://doi.org/10.1109/CVPR52688.2022.01042},
  doi       = {10.1109/CVPR52688.2022.01042},
}

@article{nickel2016,
  author    = {Maximilian Nickel and
               Kevin Murphy and
               Volker Tresp and
               Evgeniy Gabrilovich},
  title     = {A Review of Relational Machine Learning for Knowledge Graphs},
  journal   = {Proc. {IEEE}},
  volume    = {104},
  number    = {1},
  pages     = {11--33},
  year      = {2016},
  url       = {https://doi.org/10.1109/JPROC.2015.2483592},
  doi       = {10.1109/JPROC.2015.2483592},
}

@inproceedings{balazevic2019,
  author    = {Ivana Balazevic and
               Carl Allen and
               Timothy M. Hospedales},
  title     = {Hypernetwork Knowledge Graph Embeddings},
  booktitle = {Proceedings of the 28th
               International Conference on Artificial Neural Networks,  {ICANN} 2019},
  volume    = {11731},
  pages     = {553--565},
  publisher = {Springer},
  year      = {2019},
  url       = {https://doi.org/10.1007/978-3-030-30493-5\_52},
  doi       = {10.1007/978-3-030-30493-5\_52},
}